@MISC{WMATA,
	title = {{M}etro - {A}bout {M}etro},
	author = {WMATA},
	howpublished = {\url{http://www.wmata.com/about_metro/}},
	note  = {Accessed: 10/16/2012}
}

@MISC{MTA,
	title = {{A}bout the {MTA} | {M}aryland {T}ransit {A}dministration},
	author = {MTA Maryland},
	howpublished = {\url{http://mta.maryland.gov/about-mta}},
	note = {Accessed: 10/16/2012}
}

@MISC{Mobility,
	title = {{M}aryl and {S}tate {H}ighway {M}obility {R}eport},
	author = {Maryland Department of Transportation},
	howpublished = {\url{http://sha.md.gov/OOTS/2012_Maryland_State_HIghway_Mobility_Report.pdf}},
	note = {Accessed: 10/16/2012}
}

@MISC{BmoreData,
	title = {{B}altimore, {M}aryland {T}ranspotation {S}tatistics},
	author = {US Census},
	howpublished = {\url{http://transportation-modes-city.findthedata.org/l/976/Baltimore-Maryland}},
	note = {Accessed: 10/16/2012}
}

@MISC{MARCHighway,
	title = {{A} {C}omparison of the {N}umbers of {T}ravelers {R}icing {MARC} and {D}riving {I}-95 and {MD}-295},
	author = {Christopher T. Field, PhD},
	howpublished = {\url{http://www.getontrac.org/Reports/MARC_Highway_Study_Short.pdf}},
	note = {Accessed: 10/16/2012}
}

@MISC{BandoModel,
	title = {{O}primal {V}elocity {M}odel},
	author = {Yuki Sugiyama},
	howpublished = {\url{http://traffic.phys.cs.is.nagoya-u.ac.jp/~mstf/sample/ov_e.html}},
	note = {Accessed: 10/16/2012}
}

@MISC{MITModel,
	title = {{T}raffic {M}odeling - {P}hantom {T}raffic {J}ams and {T}raveling {J}amitons},
	author = {Morris R. Flynn, et al},
	howpublished = {\url{http://math.mit.edu/projects/traffic/}},
	note = {Accessed: 10/16/2012}
}

@MISC{Trends,
	title = {{M}aryl and {S}tate {T}raffic {T}rends {Introduction}},
	author = {Maryland Department of Transportation},
	howpublished = {\url{http://sha.md.gov/Index.aspx?PageId=253}},
	note = {Accessed: 10/16/2012}
}

@MISC{Compare,
	title = {{W}ashington, {D}istrict of {C}olumbia {T}ransportation {S}tatistics vs. {B}altimore, {M}aryland {T}ransportation {S}tatistics},
	author = {US Census},
	howpublished{\url{http://transportation-modes-city.findthedata.org/compare/490-976/Washington-District-of-Columbia-vs-Baltimore-Maryland}},
	note = {Accessed: 10/16/2012}
}